<?xml version="1.0" encoding="UTF-8"?><collection xmlns="http://www.loc.gov/MARC21/slim"><record><leader>00322nam--2200121-i-4500</leader><controlfield tag="001">000025669</controlfield><controlfield tag="002">20161230</controlfield><controlfield tag="005">20161230201036</controlfield><controlfield tag="008">060222s1000------------r-----000-0-eng-d</controlfield><datafield ind1=" " ind2=" " tag="100"><subfield code="a">Johnson, Richard J</subfield></datafield><datafield ind1=" " ind2=" " tag="245"><subfield code="a">How to build electronic equipment</subfield></datafield><datafield ind1=" " ind2=" " tag="260"><subfield code="a">New York, John F. Rider Publ. Inc., 1962. Vi+290p</subfield></datafield><datafield ind1=" " ind2=" " tag="852"><subfield code="a">13891</subfield></datafield></record></collection>